
@book{gottfried2013quantum,
	title={Quantum mechanics: fundamentals},
	author={Gottfried, Kurt and Yan, Tung-Mow},
	year={2013},
	publisher={Springer Science \& Business Media}
}
@article{tannoudji1973mecanique,
	title={M{\'e}canique quantique. Tome I},
	author={Tannoudji, Cohen Claude and Bernard, Diu and Franck, Lalo{\"e}},
	year={1973},
	publisher={Hermann}
}
@article{landau1958quantum,
	title={Quantum mechanics, non-relativistic theory},
	author={Landau, Lev Davidovich and Lifshitz, Evgenii Mikhailovich and Sykes, JB and Bell, John Stewart and Rose, ME},
	journal={Physics Today},
	volume={11},
	pages={56},
	year={1958}
}
@book{binney2013physics,
	title={The physics of quantum mechanics},
	author={Binney, James and Skinner, David},
	year={2013},
	publisher={Oxford University Press}
}
@book{john1955mathematical,
	title={Mathematical foundations of quantum mechanics},
	author={John Von Neumann},
	number={2},
	year={1955},
	publisher={Princeton university press}
}
@book{edmonds1996angular,
	title={Angular momentum in quantum mechanics},
	author={Edmonds, Alan Robert},
	year={1996},
	publisher={Princeton University Press}
}
@book{dirac1981principles,
	title={The principles of quantum mechanics},
	author={Dirac, Paul Adrien Maurice},
	number={27},
	year={1981},
	publisher={Oxford university press}
}
@book{hassani2013mathematical,
	title={Mathematical physics: a modern introduction to its foundations},
	author={Hassani, Sadri},
	year={2013},
	publisher={Springer Science \& Business Media}
}
@book{john1955mathematical,
	title={Mathematical foundations of quantum mechanics},
	author={John Von Neumann},
	number={2},
	year={1955},
	publisher={Princeton university press}
}
@book{zettili2009quantum,
	title={Quantum mechanics: concepts and applications},
	author={Zettili, Nouredine},
	year={2009},
	publisher={John Wiley \& Sons}
}
@book{gasiorowicz2007quantum,
	title={Quantum physics},
	author={Gasiorowicz, Stephen},
	year={2007},
	publisher={John Wiley \& Sons}
}
@book{sakurai2011modern,
	title={Modern quantum mechanics},
	author={Sakurai, Jun John and Napolitano, Jim},
	year={2011},
	publisher={Addison-Wesley}
}
@article{PhysRevLett.110.213001,
title = {Hydrogen Atoms under Magnification: Direct Observation of the Nodal Structure of Stark States},
author = {Stodolna, A. S. and Rouz\'ee, A. and L\'epine, F. and Cohen, S. and Robicheaux, F. and Gijsbertsen, A. and Jungmann, J. H. and Bordas, C. and Vrakking, M. J. J.},
journal = {Phys. Rev. Lett.},
volume = {110},
issue = {21},
pages = {213001},
numpages = {5},
year = {2013},
month = {May},
publisher = {American Physical Society},
doi = {10.1103/PhysRevLett.110.213001},
url = {https://link.aps.org/doi/10.1103/PhysRevLett.110.213001}
}
@book{taylor1958introduction,
	title={Introduction to functional analysis},
	author={Taylor, Angus Ellis and Lay, David C},
	volume={2},
	year={1958},
	publisher={Wiley New York}
}

